
@online{alsopOculusStatisticsFacts2021,
  title = {Oculus - Statistics \& Facts},
  shorttitle = {Topic},
  author = {Alsop, Thomas},
  date = {2021-11-04},
  url = {https://www.statista.com/topics/2584/oculus-rift/},
  urldate = {2022-01-02},
  abstract = {Find the most up-to-date statistics and facts about Oculus},
  langid = {english},
  organization = {{Statista}},
  file = {/home/fabian/Zotero/storage/JGZGZ8AN/oculus-rift.html}
}

@online{ballFrameworkMetaverse2021,
  title = {Framework for the {{Metaverse}}},
  author = {Ball, Matthew},
  date = {2021-06-09},
  url = {https://www.matthewball.vc/all/forwardtothemetaverseprimer},
  urldate = {2021-01-02},
  organization = {{The Metaverse Primer}}
}

@online{ballMetaverseWhatIt2020,
  title = {The {{Metaverse}}: {{What It Is}}, {{Where}} to {{Find}} It, and {{Who Will Build It}}},
  author = {Ball, Matthew},
  date = {2020-01-13},
  url = {https://www.matthewball.vc/all/themetaverse},
  urldate = {2021-01-03}
}

@article{bodoDecentralisationMultidisciplinaryPerspective2021,
  title = {Decentralisation: A Multidisciplinary Perspective},
  shorttitle = {Decentralisation},
  author = {Bodó, Balázs and Brekke, Jaya Klara and Hoepman, Jaap-Henk},
  date = {2021-06-16},
  journaltitle = {Internet Policy Review},
  volume = {10},
  number = {2},
  issn = {2197-6775},
  url = {https://policyreview.info/concepts/decentralisation},
  urldate = {2022-01-09},
  abstract = {This article belongs to Concepts of the digital society, a special section of Internet Policy Review guest-edited by Christian Katzenbach and Thomas Christian Bächle. 1. Introduction The concept of decentralisation traverses multiple contexts, fields and disciplines.},
  file = {/home/fabian/Zotero/storage/XK66THCK/Bodó et al. - 2021 - Decentralisation a multidisciplinary perspective.pdf;/home/fabian/Zotero/storage/PT2KVM2N/decentralisation.html}
}

@online{brambillahallWhatMetaverseWhy2021,
  title = {What Is the Metaverse and Why Should We Care?},
  author = {Brambilla Hall, Stefan and Li, Cathy},
  date = {2021-10-29},
  url = {https://www.weforum.org/agenda/2021/10/facebook-meta-what-is-the-metaverse/},
  urldate = {2022-01-04},
  abstract = {Facebook changed its name to 'Meta' to align with its ambitions to build the "metaverse". Know what is metaverse and why should we care.},
  langid = {english},
  organization = {{World Economic Forum}},
  file = {/home/fabian/Zotero/storage/L7K6P2DT/facebook-meta-what-is-the-metaverse.html}
}

@online{campbellGuidePlatformFees2020,
  title = {A Guide to Platform Fees},
  author = {Campbell, Ian Carlos},
  date = {2020-09-22T08:05:00-04:00},
  url = {https://www.theverge.com/21445923/platform-fees-apps-games-business-marketplace-apple-google},
  urldate = {2022-01-09},
  abstract = {Platforms can build a business, but the businesses have to pay.},
  langid = {english},
  organization = {{The Verge}},
  file = {/home/fabian/Zotero/storage/CCLADC7R/platform-fees-apps-games-business-marketplace-apple-google.html}
}

@book{gatesRoadAhead1995,
  title = {The {{Road Ahead}}},
  author = {Gates, Bill},
  date = {1995-10-01},
  edition = {First Edition},
  publisher = {{Viking}},
  location = {{London}},
  isbn = {978-0-670-85913-9},
  langid = {english},
  pagetotal = {304}
}

@article{gohThreeHoursWeek2021,
  title = {Three Hours a Week: {{Play}} Time's over for {{China}}'s Young Video Gamers},
  shorttitle = {Three Hours a Week},
  author = {Goh, Brenda},
  date = {2021-08-31T16:20:11Z},
  journaltitle = {Reuters},
  url = {https://www.reuters.com/world/china/china-rolls-out-new-rules-minors-online-gaming-xinhua-2021-08-30/},
  urldate = {2022-01-06},
  abstract = {China has forbidden under-18s from playing video games for more than three hours a week, a stringent social intervention that it said was needed to pull the plug on a growing addiction to what it once described as "spiritual opium".},
  entrysubtype = {newspaper},
  journalsubtitle = {China},
  langid = {english},
  file = {/home/fabian/Zotero/storage/3IW3K78W/china-rolls-out-new-rules-minors-online-gaming-xinhua-2021-08-30.html}
}

@online{holmesMetaverseTrillionRevenue2021,
  title = {The {{Metaverse Is A}} \$1 {{Trillion Revenue Opportunity}}. {{Here}}’s {{How To Invest}}...},
  author = {Holmes, Frank},
  date = {2021-12-20},
  url = {https://www.forbes.com/sites/greatspeculations/2021/12/20/the-metaverse-is-a-1-trillion-revenue-opportunity-heres-how-to-invest/},
  urldate = {2022-01-10},
  abstract = {Within the next few years, we will all work, play, socialize and invest in this all-encompassing ecosystem, whether that means attending a professional conference at a virtual Four Seasons hotel, shopping for a new designer handbag for our digital avatar or swinging through the New York City skyl...},
  langid = {english},
  organization = {{Forbes}},
  file = {/home/fabian/Zotero/storage/D6GQS7TT/the-metaverse-is-a-1-trillion-revenue-opportunity-heres-how-to-invest.html}
}

@article{poellPlatformisation2019,
  title = {Platformisation},
  author = {Poell, Thomas and Nieborg, David and van Dijck, José},
  date = {2019-11-29},
  journaltitle = {Internet Policy Review},
  volume = {8},
  number = {4},
  issn = {2197-6775},
  url = {https://policyreview.info/concepts/platformisation},
  urldate = {2022-01-09},
  abstract = {What is platformisation? This article contextualises, defines, and operationalises the concept. Drawing insights from different scholarly perspectives on platforms it develops a comprehensive approach to this process.},
  file = {/home/fabian/Zotero/storage/MZNDZZWW/Poell et al. - 2019 - Platformisation.pdf;/home/fabian/Zotero/storage/H4XBI7DS/platformisation.html}
}

@book{srnicekPlatformCapitalism2016,
  title = {Platform {{Capitalism}}},
  author = {Srnicek, Nick},
  date = {2016-11-25},
  edition = {1. edition},
  publisher = {{Polity}},
  location = {{Cambridge, UK ; Malden, MA}},
  isbn = {978-1-5095-0487-9},
  langid = {english},
  pagetotal = {120}
}


